<record xmlns="http://www.loc.gov/MARC21/slim" xmlns:xsi="http://www.w3.org/2001/XMLSchema-instance" xsi:schemaLocation="http://www.loc.gov/MARC21/slim http://www.loc.gov/standards/marcxml/schema/MARC21slim.xsd"><leader>01835nam a2200361   4500</leader><controlfield tag="001">001845372</controlfield><controlfield tag="003">NNU</controlfield><controlfield tag="006">m        d        </controlfield><controlfield tag="007">cr cn |||m|||a</controlfield><controlfield tag="008">150223s1908    ua      o     000 0 ara d</controlfield><datafield ind1=" " ind2=" " tag="040"><subfield code="a">NNU</subfield><subfield code="b">eng</subfield><subfield code="e">rda</subfield><subfield code="c">NNU</subfield></datafield><datafield ind1=" " ind2="4" tag="050"><subfield code="a">B751.A35</subfield><subfield code="b">T5 1908</subfield></datafield><datafield ind1="0" ind2=" " tag="100"><subfield code="6">880-01</subfield><subfield code="a">Avicenna,</subfield><subfield code="d">980-1037</subfield></datafield><datafield ind1="1" ind2="0" tag="240"><subfield code="a">Works.</subfield><subfield code="k">Selections.</subfield><subfield code="f">1908</subfield></datafield><datafield ind1="1" ind2="0" tag="245"><subfield code="6">880-02</subfield><subfield code="a">Tis&#699; rasa&#772;&#700;il fi&#772; al-h&#803;ikmah wa-al-t&#803;abi&#772;&#699;i&#772;ya&#772;t wa-fi&#772; a&#772;kharaha&#772; Qis&#803;s&#803;at Sala&#772;ma&#772;n wa-Absa&#772;l /</subfield><subfield code="c">ta&#700;li&#772;f Abi&#772; &#699;Ali&#772; al-H&#803;usayn ibn &#699;Abd Alla&#772;h Ibn Si&#772;na&#772;.</subfield></datafield><datafield ind1=" " ind2=" " tag="250"><subfield code="6">880-03</subfield><subfield code="a">al-T&#803;ab&#699;ah 1.</subfield></datafield><datafield ind1=" " ind2=" " tag="260"><subfield code="6">880-04</subfield><subfield code="a">Mis&#803;r :</subfield><subfield code="b">Mat&#803;ba&#699;at Hindi&#772;yah,</subfield><subfield code="c">1908.</subfield></datafield><datafield ind1=" " ind2=" " tag="300"><subfield code="a">online resource (5, 180 pages)</subfield></datafield><datafield ind1=" " ind2=" " tag="336"><subfield code="a">text</subfield><subfield code="2">rdacontent</subfield></datafield><datafield ind1=" " ind2=" " tag="337"><subfield code="a">computer</subfield><subfield code="2">rdamedia</subfield></datafield><datafield ind1=" " ind2=" " tag="338"><subfield code="a">online resource</subfield><subfield code="2">rdacarrier</subfield></datafield><datafield ind1=" " ind2=" " tag="500"><subfield code="a">Part of the Arabic Collections Online (ACO) project, contributed by New York Univeristy Libraries.</subfield></datafield><datafield ind1=" " ind2=" " tag="533"><subfield code="a">Electronic reproduction.</subfield><subfield code="b">New York, N.Y. :</subfield><subfield code="c">New York University,</subfield><subfield code="d">2015.</subfield><subfield code="5">NNU</subfield></datafield><datafield ind1="2" ind2=" " tag="710"><subfield code="a">New York University.</subfield><subfield code="b">Libraries.</subfield></datafield><datafield ind1="0" ind2=" " tag="730"><subfield code="a">Arabic Collections Online.</subfield></datafield><datafield ind1="0" ind2="8" tag="776"><subfield code="i">Print version:</subfield><subfield code="a">Avicenna, 980-1037 880-01</subfield><subfield code="t">Tis&#699; rasa&#772;&#700;il fi&#772; al-h&#803;ikmah wa-al-t&#803;abi&#772;&#699;i&#772;ya&#772;t wa-fi&#772; a&#772;kharaha&#772; Qis&#803;s&#803;at Sala&#772;ma&#772;n wa-Absa&#772;l</subfield><subfield code="w">(NNU)001845372</subfield></datafield><datafield ind1="4" ind2="0" tag="856"><subfield code="u">http://hdl.handle.net/2333.1/nzs7h5z9</subfield></datafield><datafield ind1="0" ind2=" " tag="880"><subfield code="6">100-01/</subfield><subfield code="a">&#1575;&#1576;&#1606; &#1587;&#1610;&#1606;&#1575;&#1548;</subfield><subfield code="d">980-1037.</subfield></datafield><datafield ind1="1" ind2="0" tag="880"><subfield code="6">245-02/</subfield><subfield code="a">&#1578;&#1587;&#1593; &#1585;&#1587;&#1575;&#1574;&#1604; &#1601;&#1610; &#1575;&#1604;&#1581;&#1603;&#1605;&#1577; &#1608;&#1575;&#1604;&#1591;&#1576;&#1610;&#1593;&#1610;&#1575;&#1578; &#1608;&#1601;&#1610; &#1570;&#1582;&#1585;&#1607;&#1575; &#1602;&#1589;&#1577; &#1587;&#1604;&#1575;&#1605;&#1575;&#1606; &#1608;&#1575;&#1576;&#1587;&#1575;&#1604; /</subfield><subfield code="c">&#1578;&#1571;&#1604;&#1610;&#1601; &#1575;&#1576;&#1610; &#1593;&#1604;&#1610; &#1575;&#1604;&#1581;&#1587;&#1610;&#1606; &#1576;&#1606; &#1593;&#1576;&#1583; &#1575;&#1604;&#1604;&#1607; &#1575;&#1576;&#1606; &#1587;&#1610;&#1606;&#1575;.</subfield></datafield><datafield ind1=" " ind2=" " tag="880"><subfield code="6">250-03/</subfield><subfield code="a">&#1575;&#1604;&#1591;&#1576;&#1593;&#1577; 1.</subfield></datafield><datafield ind1=" " ind2=" " tag="880"><subfield code="6">260-04/</subfield><subfield code="a">&#1605;&#1589;&#1585; :</subfield><subfield code="b">&#1605;&#1591;&#1576;&#1593;&#1577; &#1607;&#1606;&#1583;&#1610;&#1577;&#1548;</subfield><subfield code="c">1908.</subfield></datafield><datafield ind1=" " ind2=" " tag="959"><subfield code="a">NNU</subfield><subfield code="b">WEB</subfield><subfield code="c">GENI</subfield><subfield code="t">0</subfield><subfield code="m">Electronic access</subfield><subfield code="s">01</subfield></datafield><datafield ind1=" " ind2=" " tag="999"><subfield code="i">NNU_001845372</subfield><subfield code="s">nyu_aco000411</subfield><subfield code="e">(ERROR-880)</subfield></datafield></record>